<record><leader>00000cas a22000007a 4500</leader><controlfield tag="001">22303151</controlfield><controlfield tag="008">900831d19481974nyuwr ne      0    0eng d</controlfield><datafield ind1=" " ind2=" " tag="010"><subfield code="a">sn 90066292 </subfield></datafield><datafield ind1=" " ind2=" " tag="040"><subfield code="a">NYS</subfield><subfield code="b">eng</subfield><subfield code="c">NYS</subfield><subfield code="d">NSD</subfield><subfield code="d">NYS</subfield><subfield code="d">OCLCQ</subfield></datafield><datafield ind1=" " ind2=" " tag="042"><subfield code="a">msc</subfield></datafield><datafield ind1="0" ind2=" " tag="130"><subfield code="a">Townsman (Grahamsville, N.Y.)</subfield></datafield><datafield ind1="1" ind2="4" tag="245"><subfield code="a">The townsman.</subfield></datafield><datafield ind1=" " ind2=" " tag="260"><subfield code="a">Grahamsville, N.Y. :</subfield><subfield code="b">Ronech Pub. Co.,</subfield><subfield code="c">1948-1974.</subfield></datafield><datafield ind1=" " ind2=" " tag="300"><subfield code="a">29 v.</subfield></datafield><datafield ind1=" " ind2=" " tag="310"><subfield code="a">Weekly</subfield></datafield><datafield ind1="0" ind2=" " tag="362"><subfield code="a">Vol. 2, no. 2 (May 12, 1948)-v. 30, no. 43 (Aug. 7, 1974).</subfield></datafield><datafield ind1=" " ind2="4" tag="651"><subfield code="a">Grahamsville (N.Y.)</subfield><subfield code="v">Newspapers.</subfield></datafield><datafield ind1=" " ind2=" " tag="752"><subfield code="a">United States</subfield><subfield code="b">New York</subfield><subfield code="c">Sullivan</subfield><subfield code="d">Grahamsville.</subfield></datafield><datafield ind1="0" ind2="0" tag="780"><subfield code="t">Tri valley townsman</subfield><subfield code="w">(DLC)sn 91066546</subfield><subfield code="w">(OCoLC)23864016</subfield></datafield><datafield ind1="0" ind2="0" tag="785"><subfield code="t">Tri-valley townsman</subfield><subfield code="x">1067-2621</subfield><subfield code="w">(DLC)sn 90066319</subfield><subfield code="w">(OCoLC)22303237</subfield></datafield><datafield ind1="1" ind2=" " tag="029"><subfield code="a">AU@</subfield><subfield code="b">000025865487</subfield></datafield></record>